<record><leader>00000cas a22000007a 4500</leader><controlfield tag="001">12364899</controlfield><controlfield tag="008">850808d19251974iauwr ne      0    0eng d</controlfield><datafield ind1=" " ind2=" " tag="010"><subfield code="a">sn 85050861 </subfield></datafield><datafield ind1=" " ind2=" " tag="040"><subfield code="a">INP</subfield><subfield code="b">eng</subfield><subfield code="c">INP</subfield><subfield code="d">OCLCQ</subfield></datafield><datafield ind1=" " ind2=" " tag="042"><subfield code="a">msc</subfield></datafield><datafield ind1="0" ind2="4" tag="245"><subfield code="a">The Mount Vernon hawkeye-record and the Lisbon herald.</subfield></datafield><datafield ind1="3" ind2="0" tag="246"><subfield code="a">Mount Vernon hawkeye-record</subfield></datafield><datafield ind1="3" ind2="0" tag="246"><subfield code="a">Lisbon herald</subfield></datafield><datafield ind1="1" ind2="3" tag="246"><subfield code="a">Mt. Vernon hawkeye-record and the Lisbon herald</subfield></datafield><datafield ind1="1" ind2="7" tag="246"><subfield code="a">Hawkeye-record and the Lisbon herald</subfield></datafield><datafield ind1=" " ind2=" " tag="260"><subfield code="a">Mount Vernon, Iowa :</subfield><subfield code="b">Lloyd McCutheon,</subfield><subfield code="c">1925-1974.</subfield></datafield><datafield ind1=" " ind2=" " tag="300"><subfield code="a">50 v. :</subfield><subfield code="b">ill.</subfield></datafield><datafield ind1=" " ind2=" " tag="310"><subfield code="a">Weekly</subfield></datafield><datafield ind1="0" ind2=" " tag="362"><subfield code="a">Vol. 55, no. 37 (Aug. 6, 1925)-v. 105, no. 52 (Dec. 26, 1974).</subfield></datafield><datafield ind1=" " ind2=" " tag="500"><subfield code="a">Publishers: Lloyd McCutcheon Estate, Nov. 26, 1925-Nov. 29, 1945; James W. McCutcheon, Jan. 10, 1946-June 30, 1966; Owen Welch, July 7, 1966-1974.</subfield></datafield><datafield ind1=" " ind2=" " tag="500"><subfield code="a">Editors: James W. McCutcheon, June 30, 1927-June 30, 1966; Owen Welch, July 7, 1966-1974.</subfield></datafield><datafield ind1=" " ind2=" " tag="515"><subfield code="a">Issues for Aug. 6, 1925-Aug. 1, 1968 also called v. 32, no. 50-v. 74, no. 53.</subfield></datafield><datafield ind1=" " ind2=" " tag="515"><subfield code="a">Vol. 100 omitted in numbering; other errors in numbering.</subfield></datafield><datafield ind1=" " ind2=" " tag="752"><subfield code="a">United States</subfield><subfield code="b">Iowa</subfield><subfield code="c">Linn</subfield><subfield code="d">Mount Vernon.</subfield></datafield><datafield ind1=" " ind2=" " tag="752"><subfield code="a">United States</subfield><subfield code="b">Iowa</subfield><subfield code="c">Linn</subfield><subfield code="d">Lisbon.</subfield></datafield><datafield ind1="0" ind2="4" tag="780"><subfield code="t">Mt. Vernon hawk-eye and Lisbon herald</subfield><subfield code="w">(DLC)sn 85049710</subfield></datafield><datafield ind1="0" ind2="4" tag="780"><subfield code="t">Mount Vernon record (Mount Vernon, Iowa)</subfield><subfield code="w">(DLC)sn 85049709</subfield></datafield><datafield ind1="0" ind2="0" tag="785"><subfield code="t">Mount Vernon hawkeye and the Lisbon herald</subfield><subfield code="w">(DLC)sn 85050863</subfield></datafield><datafield ind1="1" ind2=" " tag="029"><subfield code="a">AU@</subfield><subfield code="b">000025788166</subfield></datafield></record>